@misc{conveyor,
    title="Параллельная обработка данных",
    howpublished="Режим доступа: \url{https://parallel.ru/vvv/lec1.html}" 
    note="Дата обращения: 22.12.2022"
}

@article{rabink,
    author = "Rabin M. O., Karp R. M.",
    title = "Efficient randomized pattern-matching algorithms",
    journal = "IBM Journal of Research and Development",
    pages = "249–260",
    year = "1987"
}

@misc{i5,
     title = "Процессор Intel\textsuperscript{\tiny\textregistered} Core\textsuperscript{\tiny\texttrademark} i5-11320H [Электронный ресурс]",
     howpublished="Режим доступа: \url{https://ark.intel.com/content/www/ru/ru/ark/products/217183/intel-core-i511320h-processor-8m-cache-up-to-4-50-ghz-with-ipu.html}",
     note="Дата обращения: 19.12.2022"
}

@misc{arch,
    title = "Arch Linux [Электронный ресурс]",
    howpublished="Режим доступа: \url{https://archlinux.org/}",
    note="Дата обращения: 19.12.2022"
}

@misc{Rust,
    title = "Rust [Электронный ресурс]",
    howpublished="Режим доступа: \url{https://www.rust-lang.org/}",
    note="Дата обращения: 19.12.2022"
}

@misc{Criterion,
    title = "Criterion [Электронный ресурс]",
    howpublished="Режим доступа: \url{https://github.com/bheisler/criterion.rs}",
    note="Дата обращения: 19.12.2022"
}

@misc{https://doi.org/10.48550/arxiv.1912.06255,
  doi = {10.48550/ARXIV.1912.06255},
  
  howpublished = "Режим доступа: \url{https://arxiv.org/abs/1912.06255}",
  
  author = {Wang, Yiqiu and Gu, Yan and Shun, Julian},
  
  keywords = {Data Structures and Algorithms (cs.DS), Databases (cs.DB), Distributed, Parallel, and Cluster Computing (cs.DC), Machine Learning (cs.LG), FOS: Computer and information sciences, FOS: Computer and information sciences},
  
  title = {Theoretically-Efficient and Practical Parallel DBSCAN},
  
  publisher = {arXiv},
  
  year = {2019},
  
  copyright = {arXiv.org perpetual, non-exclusive license}
}

@misc{serial, 
    title = {Автоматическая обработка текстов на естественном языке и компьютер-
ная лингвистика : учеб. пособие / Большакова Е.И., Клышинский Э.С.,
Ландэ Д.В., Носков А.А., Пескова О.В., Ягунова Е.В. — М.: МИЭМ,
2011. — 272 с.},
}
