@misc{winograd,
    author = {Copeersmith, D. and Winograd, S.},
    title = {Matrix Multiplication via Arithmetic Progressions},
    journal = {Academic Press},
    year = {1990},
    howpublished = "Режим доступа: \url{http://www.cs.umd.edu/~gasarch/TOPICS/ramsey/matrixmult.pdf}",
    note = "Дата обращения: 19.10.2022",
}

@misc{i5,
     title = "Процессор Intel\textsuperscript{\tiny\textregistered} Core\textsuperscript{\tiny\texttrademark} i5-11320H [Электронный ресурс]",
     howpublished="Режим доступа: \url{https://ark.intel.com/content/www/ru/ru/ark/products/217183/intel-core-i511320h-processor-8m-cache-up-to-4-50-ghz-with-ipu.html}",
     note="Дата обращения: 19.10.2022"
}

@misc{wsl2,
    title = "Windows Subsystem for Linux 2 [Электронный ресурс]",
    howpublished="Режим доступа: \url{https://learn.microsoft.com/en-us/windows/wsl/about#what-is-wsl-2}",
    note="Дата обращения: 19.10.2022"
}

@misc{arch,
    title = "Arch Linux [Электронный ресурс]",
    howpublished="Режим доступа: \url{https://archlinux.org/}",
    note="Дата обращения: 19.10.2022"
}

@misc{Rust,
    title = "Rust [Электронный ресурс]",
    howpublished="Режим доступа: \url{https://www.rust-lang.org/}",
    note="Дата обращения: 19.10.2022"
}

@misc{Criterion,
    title = "Criterion [Электронный ресурс]",
    howpublished="Режим доступа: \url{https://github.com/bheisler/criterion.rs}",
    note="Дата обращения: 19.10.2022"
}