@misc{i5,
     title = "Процессор Intel\textsuperscript{\tiny\textregistered} Core\textsuperscript{\tiny\texttrademark} i5-11320H [Электронный ресурс]",
     howpublished="Режим доступа: \url{https://ark.intel.com/content/www/ru/ru/ark/products/217183/intel-core-i511320h-processor-8m-cache-up-to-4-50-ghz-with-ipu.html}",
     note="Дата обращения: 19.10.2022"
}

@misc{arch,
    title = "Arch Linux [Электронный ресурс]",
    howpublished="Режим доступа: \url{https://archlinux.org/}",
    note="Дата обращения: 19.10.2022"
}

@misc{Rust,
    title = "Rust [Электронный ресурс]",
    howpublished="Режим доступа: \url{https://www.rust-lang.org/}",
    note="Дата обращения: 19.10.2022"
}

@misc{Criterion,
    title = "Criterion [Электронный ресурс]",
    howpublished="Режим доступа: \url{https://github.com/bheisler/criterion.rs}",
    note="Дата обращения: 19.10.2022"
}

@book{
	goodman,
	author="Гудман С., Хидетниеми С.",
	title="Введение в разработку и анализ алгоритмов",
	publisher="Мир",
	year=1981,
	pages=368
}

@book{
	ulyanov,
	author="Ульянов М.В.",
	title="Ресурсно-эффективные компьютерные алгоритмы. Разработка и анализ",
	publisher="ФИЗМАТЛИТ",
	year=2007,
	pages=308
}
