@article{brute,
	author="Thomas H. Cormen",
	title="Introduction to Algorithms",
	journal="MIT Press",
	pages="1292",
	language="english",
	year=2001,
}

@misc{def1,
title= {1. Sagiroglu S., Sinanc D. Big data: A review // 2013 international conference on collaboration technologies and systems (CTS). – IEEE, 2013. – P. 42-47.}
}

@article{binary,
    author="Коршунов Ю. М., Коршуном Ю. М.",
        title="Математические основы кибернетики",
        journal="Энергоатомиздат",
        year="1972"
}

@misc{dict,
    title="NIST. associative array",
    howpublished="Режим доступа: \url{https://xlinux.nist.gov/dads/HTML/assocarray.html} (дата обращения: 08.12.2020)"
}

@misc{nhl,
    title="Official Site of the National Hockey League",
    howpublished="Режим доступа: \url{https://www.nhl.com/} (дата обращения: 02.10.2020)"
}

@misc{rusttest,
	title="Документация по ЯП Rust: бенчмарки [Электронный ресурс]",
	howpublished="Режим доступа: \url{https://doc.rust-lang.org/1.7.0/book/benchmark-tests.html} (дата обращения: 10.10.2020)"
}

@misc{manjaro,
	title="Manjaro -- enjoy the simplicity [Электронный ресурс]",
	howpublished="Режим доступа: \url{https://manjaro.org/} (дата обращения: 10.10.2020)"
}

@misc{linux,
	title="Русская информация об ОС Linux [Электронный ресурс]",
	howpublished="Режим доступа: \url{https://www.linux.org.ru/} (дата обращения: 10.10.2020)"
}

@misc{intel,
	title="Процессор Intel® Core™ i7-8550U [Электронный ресурс]",
	howpublished="Режим доступа: \url{https://ark.intel.com/content/www/ru/ru/ark/products/122589/intel-core-i7-8550u-processor-8m-cache-up-to-4-00-ghz.html} (дата обращения: 10.10.2020)"
}
@misc{
	rustlang,
	title="Rust Programming Language [Электронный ресурс].",
	howpublished="URL: \url{https://doc.rust-lang.org/std/index.html}",
}
@misc{i5,
     title = "Процессор Intel\textsuperscript{\tiny\textregistered} Core\textsuperscript{\tiny\texttrademark} i5-11320H [Электронный ресурс]",
     howpublished="Режим доступа: \url{https://ark.intel.com/content/www/ru/ru/ark/products/217183/intel-core-i511320h-processor-8m-cache-up-to-4-50-ghz-with-ipu.html}",
     note="Дата обращения: 19.10.2022"
}

@misc{arch,
    title = "Arch Linux [Электронный ресурс]",
    howpublished="Режим доступа: \url{https://archlinux.org/}",
    note="Дата обращения: 19.10.2022"
}

@misc{Rust,
    title = "Rust [Электронный ресурс]",
    howpublished="Режим доступа: \url{https://www.rust-lang.org/}",
    note="Дата обращения: 19.10.2022"
}

@misc{Criterion,
    title = "Criterion [Электронный ресурс]",
    howpublished="Режим доступа: \url{https://github.com/bheisler/criterion.rs}",
    note="Дата обращения: 19.10.2022"
}

@misc{https://doi.org/10.48550/arxiv.1912.06255,
  doi = {10.48550/ARXIV.1912.06255},
  
  howpublished = "Режим доступа: \url{https://arxiv.org/abs/1912.06255}",
  
  author = {Wang, Yiqiu and Gu, Yan and Shun, Julian},
  
  keywords = {Data Structures and Algorithms (cs.DS), Databases (cs.DB), Distributed, Parallel, and Cluster Computing (cs.DC), Machine Learning (cs.LG), FOS: Computer and information sciences, FOS: Computer and information sciences},
  
  title = {Theoretically-Efficient and Practical Parallel DBSCAN},
  
  publisher = {arXiv},
  
  year = {2019},
  
  copyright = {arXiv.org perpetual, non-exclusive license}
}

@misc{serial, 
    title = {Автоматическая обработка текстов на естественном языке и компьютер-
ная лингвистика : учеб. пособие / Большакова Е.И., Клышинский Э.С.,
Ландэ Д.В., Носков А.А., Пескова О.В., Ягунова Е.В. — М.: МИЭМ,
2011. — 272 с.},
}
