%! Author = thebi
%! Date = 13.09.2022

